@article{Moore_2017,
	doi = {10.1103/physrevlett.119.261102},
  
	url = {https://doi.org/10.1103%2Fphysrevlett.119.261102},
  
	year = 2017,
	month = {dec},
  
	publisher = {American Physical Society ({APS})},
  
	volume = {119},
  
	number = {26},
  
	author = {Christopher J. Moore and Deyan P. Mihaylov and Anthony Lasenby and Gerard Gilmore},
  
	title = {Astrometric Search Method for Individually Resolvable Gravitational Wave Sources with Gaia},
  
	journal = {Physical Review Letters}
}

@article{Handley_2015,
	doi = {10.1093/mnras/stv1911},
  
	url = {https://doi.org/10.1093%2Fmnras%2Fstv1911},
  
	year = 2015,
	month = {sep},
  
	publisher = {Oxford University Press ({OUP})},
  
	volume = {453},
  
	number = {4},
  
	pages = {4385--4399},
  
	author = {W. J. Handley and M. P. Hobson and A. N. Lasenby},
  
	title = {polychord: next-generation nested sampling},
  
	journal = {Monthly Notices of the Royal Astronomical Society}
}


@book{mackay2003information,
  title={Information Theory, Inference and Learning Algorithms},
  author={MacKay, D.J.C. and Kay, D.J.C.M. and Cambridge University Press},
  isbn={9780521642989},
  lccn={2003055133},
  url={https://books.google.co.uk/books?id=AKuMj4PN\_EMC},
  year={2003},
  publisher={Cambridge University Press}
}

@article{Mihaylov_2020,
	doi = {10.1103/physrevlett.119.261102},
  
	url = {https://doi.org/10.1103%2Fphysrevlett.119.261102},
  
	year = 2017,
	month = {dec},
  
	publisher = {American Physical Society ({APS})},
  
	volume = {119},
  
	number = {26},
  
	author = {Christopher J. Moore and Deyan P. Mihaylov and Anthony Lasenby and Gerard Gilmore},
  
	title = {Astrometric Search Method for Individually Resolvable Gravitational Wave Sources with Gaia},
  
	journal = {Physical Review Letters}
}



@article{doi:10.1080/00031305.1995.10476177,
author = { Siddhartha   Chib  and  Edward   Greenberg },
title = {Understanding the Metropolis-Hastings Algorithm},
journal = {The American Statistician},
volume = {49},
number = {4},
pages = {327-335},
year  = {1995},
publisher = {Taylor & Francis},
doi = {10.1080/00031305.1995.10476177},

URL = { 
        https://www.tandfonline.com/doi/abs/10.1080/00031305.1995.10476177
    
},
eprint = { 
        https://www.tandfonline.com/doi/pdf/10.1080/00031305.1995.10476177
    
}

}


@article{anesthetic,
    doi = {10.21105/joss.01414},
    url = {http://dx.doi.org/10.21105/joss.01414},
    year  = {2019},
    month = {Jun},
    publisher = {The Open Journal},
    volume = {4},
    number = {37},
    pages = {1414},
    author = {Will Handley},
    title = {anesthetic: nested sampling visualisation},
    journal = {The Journal of Open Source Software}
}

@article{Quiroz_2018,
	doi = {10.1080/01621459.2018.1448827},
  
	url = {https://doi.org/10.1080%2F01621459.2018.1448827},
  
	year = 2018,
	month = {jul},
  
	publisher = {Informa {UK} Limited},
  
	volume = {114},
  
	number = {526},
  
	pages = {831--843},
  
	author = {Matias Quiroz and Robert Kohn and Mattias Villani and Minh-Ngoc Tran},
  
	title = {Speeding Up {MCMC} by Efficient Data Subsampling},
  
	journal = {Journal of the American Statistical Association}
}


@article{Feroz_2009,
	doi = {10.1111/j.1365-2966.2009.14548.x},
  
	url = {https://doi.org/10.1111%2Fj.1365-2966.2009.14548.x},
  
	year = 2009,
	month = {oct},
  
	publisher = {Oxford University Press ({OUP})},
  
	volume = {398},
  
	number = {4},
  
	pages = {1601--1614},
  
	author = {F. Feroz and M. P. Hobson and M. Bridges},
  
	title = {{MultiNest}: an efficient and robust Bayesian inference tool for cosmology and particle physics},
  
	journal = {Monthly Notices of the Royal Astronomical Society}
}

@misc{https://doi.org/10.48550/arxiv.2205.11151,
  doi = {10.48550/ARXIV.2205.11151},
  
  url = {https://arxiv.org/abs/2205.11151},
  
  author = {Yallup, David and Handley, Will and Hobson, Mike and Lasenby, Anthony and Lemos, Pablo},
  
  keywords = {Machine Learning (stat.ML), Machine Learning (cs.LG), FOS: Computer and information sciences, FOS: Computer and information sciences},
  
  title = {Split personalities in Bayesian Neural Networks: the case for full marginalisation},
  
  publisher = {arXiv},
  
  year = {2022},
  
  copyright = {Creative Commons Attribution 4.0 International}
}


@article{10.1214/06-BA127,
author = {John Skilling},
title = {{Nested sampling for general Bayesian computation}},
volume = {1},
journal = {Bayesian Analysis},
number = {4},
publisher = {International Society for Bayesian Analysis},
pages = {833 -- 859},
keywords = {algorithm, annealing, Bayesian computation, evidence, marginal likelihood, Model selection, nest, phase change},
year = {2006},
doi = {10.1214/06-BA127},
URL = {https://doi.org/10.1214/06-BA127}
}

@article{Clauset_2009,
	doi = {10.1137/070710111},
  
	url = {https://doi.org/10.1137%2F070710111},
  
	year = 2009,
	month = {nov},
  
	publisher = {Society for Industrial {\&} Applied Mathematics ({SIAM})},
  
	volume = {51},
  
	number = {4},
  
	pages = {661--703},
  
	author = {Aaron Clauset and Cosma Rohilla Shalizi and M. E. J. Newman},
  
	title = {Power-Law Distributions in Empirical Data},
  
	journal = {{SIAM} Review}
}


 @book{hobson_efstathiou_lasenby_2014, place={Cambridge}, title={General relativity: An introduction for physicists}, publisher={Cambridge University Press}, author={Hobson, Michael Paul and Efstathiou, George and Lasenby, Anthony}, year={2014}} 

@book{hogg_craig_1971, place={New York}, title={Introduction to mathematical statistics}, publisher={Macmillan}, author={Hogg, Robert V and Craig, Allen T},year={1971}}
@book{VB, title={Nuovo Cimento B Serie 105, 1141.}, author={V. B. Braginsky, N. S. Kardashev, A. G. Polnarev, and
I. D. Novikov},year={1990}}

@ARTICLE{1996ApJ...465..566P,
       author = {{Pyne}, Ted and {Gwinn}, Carl R. and {Birkinshaw}, Mark and {Eubanks}, T. Marshall and {Matsakis}, Demetrios N.},
        title = "{Gravitational Radiation and Very Long Baseline Interferometry}",
      journal = {\apj},
     keywords = {ASTROMETRY, COSMOLOGY: THEORY, GRAVITATION, TECHNIQUES: INTERFEROMETRIC, WAVES, Astrophysics, General Relativity and Quantum Cosmology},
         year = 1996,
        month = jul,
       volume = {465},
        pages = {566},
          doi = {10.1086/177443},
archivePrefix = {arXiv},
       eprint = {astro-ph/9507030},
 primaryClass = {astro-ph},
       adsurl = {https://ui.adsabs.harvard.edu/abs/1996ApJ...465..566P},
      adsnote = {Provided by the SAO/NASA Astrophysics Data System}
}


@article{Lasenby_2019,
	doi = {10.1007/s00006-019-0991-y},
  
	url = {https://doi.org/10.1007%2Fs00006-019-0991-y},
  
	year = 2019,
	month = {aug},
  
	publisher = {Springer Science and Business Media {LLC}
},
  
	volume = {29},
  
	number = {4},
  
	author = {Anthony N. Lasenby},
  
	title = {Geometric Algebra, Gravity and Gravitational Waves},
  
	journal = {Advances in Applied Clifford Algebras}
}


@article{McLaughlin_2013,
	doi = {10.1088/0264-9381/30/22/224008},
	url = {https://doi.org/10.1088/0264-9381/30/22/224008},
	year = 2013,
	month = {nov},
	publisher = {{IOP} Publishing},
	volume = {30},
	number = {22},
	pages = {224008},
	author = {M A McLaughlin},
	title = {The North American Nanohertz Observatory for Gravitational Waves},
	journal = {Classical and Quantum Gravity},
	abstract = {The North American Nanohertz Observatory for Gravitational Waves is a collaboration of researchers who are actively engaged in using North American radio telescopes to detect and study gravitational waves (GWs) via pulsar timing. To achieve this goal, we regularly observe millisecond pulsars with the Arecibo and Green Bank telescopes and develop and implement new instrumentation and algorithms for searching for and observing pulsars, calculating arrival times, understanding and correcting for propagation delays and sources of noise in our data and detecting and characterizing a variety of GW sources. We collaborate on these activities with colleagues in the International Pulsar Timing Array. We also educate students of all levels and the public about the detection and study of GWs via pulsar timing.}
}

@ARTICLE{1975GReGr...6..439E,
       author = {{Estabrook}, F.~B. and {Wahlquist}, H.~D.},
        title = "{Response of Doppler spacecraft tracking to gravitational radiation.}",
      journal = {General Relativity and Gravitation},
     keywords = {Doppler Effect, Electromagnetic Wave Transmission, Gravitational Waves, Relativistic Effects, Spacecraft Tracking, Frequency Shift, Plane Waves, Signal Reflection, Spectral Signatures, Astrophysics},
         year = 1975,
        month = oct,
       volume = {6},
       number = {5},
        pages = {439-447},
          doi = {10.1007/BF00762449},
       adsurl = {https://ui.adsabs.harvard.edu/abs/1975GReGr...6..439E},
      adsnote = {Provided by the SAO/NASA Astrophysics Data System}
}




@article{Trotta_2008,
	doi = {10.1080/00107510802066753},
  
	url = {https://doi.org/10.1080%2F00107510802066753},
  
	year = 2008,
	month = {mar},
  
	publisher = {Informa {UK} Limited},
  
	volume = {49},
  
	number = {2},
  
	pages = {71--104},
  
	author = {Roberto Trotta},
  
	title = {Bayes in the sky: Bayesian inference and model selection in cosmology},
  
	journal = {Contemporary Physics}
}


@article{Martin_2011,
	doi = {10.1103/physrevd.83.063524},
  
	url = {https://doi.org/10.1103%2Fphysrevd.83.063524},
  
	year = 2011,
	month = {mar},
  
	publisher = {American Physical Society ({APS})},
  
	volume = {83},
  
	number = {6},
  
	author = {J{\'{e}
}r{\^{o}}me Martin and Christophe Ringeval and Roberto Trotta},
  
	title = {Hunting down the best model of inflation with Bayesian evidence},
  
	journal = {Physical Review D}
}


@article{Ashton_2022,
	doi = {10.1038/s43586-022-00121-x},
  
	url = {https://doi.org/10.1038%2Fs43586-022-00121-x},
  
	year = 2022,
	month = {may},
  
	publisher = {Springer Science and Business Media {LLC}
},
  
	volume = {2},
  
	number = {1},
  
	author = {Greg Ashton and Noam Bernstein and Johannes Buchner and Xi Chen and G{\'{a}}bor Cs{\'{a}}nyi and Andrew Fowlie and Farhan Feroz and Matthew Griffiths and Will Handley and Michael Habeck and Edward Higson and Michael Hobson and Anthony Lasenby and David Parkinson and Livia B. P{\'{a}}rtay and Matthew Pitkin and Doris Schneider and Joshua S. Speagle and Leah South and John Veitch and Philipp Wacker and David J. Wales and David Yallup},
  
	title = {Nested sampling for physical scientists},
  
	journal = {Nature Reviews Methods Primers}
}


@article{Spergel_2003,
	doi = {10.1086/377226},
  
	url = {https://doi.org/10.1086%2F377226},
  
	year = 2003,
	month = {sep},
  
	publisher = {American Astronomical Society},
  
	volume = {148},
  
	number = {1},
  
	pages = {175--194},
  
	author = {D. N. Spergel and L. Verde and H. V. Peiris and E. Komatsu and M. R. Nolta and C. L. Bennett and M. Halpern and G. Hinshaw and N. Jarosik and A. Kogut and M. Limon and S. S. Meyer and L. Page and G. S. Tucker and J. L. Weiland and E. Wollack and E. L. Wright},
  
	title = {First-Year WMAP Observations: Determination of Cosmological Parameters},
  
	journal = {The Astrophysical Journal Supplement Series}
}

@article{Allen_2002,
	doi = {10.1046/j.1365-8711.2002.05601.x},
  
	url = {https://doi.org/10.1046%2Fj.1365-8711.2002.05601.x},
  
	year = 2002,
	month = {aug},
  
	publisher = {Oxford University Press ({OUP})},
  
	volume = {334},
  
	number = {2},
  
	pages = {L11--L15},
  
	author = {S. W. Allen and R. W. Schmidt and A. C. Fabian},
  
	title = {Cosmological constraints from the X-ray gas mass fraction in relaxed lensing clusters observed with Chandra},
  
	journal = {Monthly Notices of the Royal Astronomical Society}
}


@article{Allen_2011,
	doi = {10.1146/annurev-astro-081710-102514},
  
	url = {https://doi.org/10.1146%2Fannurev-astro-081710-102514},
  
	year = 2011,
	month = {sep},
  
	publisher = {Annual Reviews},
  
	volume = {49},
  
	number = {1},
  
	pages = {409--470},
  
	author = {Steven W. Allen and August E. Evrard and Adam B. Mantz},
  
	title = {Cosmological Parameters from Observations of Galaxy Clusters},
  
	journal = {Annual Review of Astronomy and Astrophysics}
}

@article{Zhao_2017,
	doi = {10.1038/s41550-017-0216-z},
  
	url = {https://doi.org/10.1038%2Fs41550-017-0216-z},
  
	year = 2017,
	month = {aug},
  
	publisher = {Springer Science and Business Media {LLC}
},
  
	volume = {1},
  
	number = {9},
  
	pages = {627--632},
  
	author = {Gong-Bo Zhao and Marco Raveri and Levon Pogosian and Yuting Wang and Robert G. Crittenden and Will J. Handley and Will J. Percival and Florian Beutler and Jonathan Brinkmann and Chia-Hsun Chuang and Antonio J. Cuesta and Daniel J. Eisenstein and Francisco-Shu Kitaura and Kazuya Koyama and Benjamin L'Huillier and Robert C. Nichol and Matthew M. Pieri and Sergio Rodriguez-Torres and Ashley J. Ross and Graziano Rossi and Ariel G. S{\'{a}}nchez and Arman Shafieloo and Jeremy L. Tinker and Rita Tojeiro and Jose A. Vazquez and Hanyu Zhang},
  
	title = {Dynamical dark energy in light of the latest observations},
  
	journal = {Nature Astronomy}
}

@article{Hee_2016,
	doi = {10.1093/mnras/stw3102},
  
	url = {https://doi.org/10.1093%2Fmnras%2Fstw3102},
  
	year = 2016,
	month = {dec},
  
	publisher = {Oxford University Press ({OUP})},
  
	volume = {466},
  
	number = {1},
  
	pages = {369--377},
  
	author = {S. Hee and J. A. V{\'{a}
}zquez and W. J. Handley and M. P. Hobson and A. N. Lasenby},
  
	title = {Constraining the dark energy equation of state using Bayes theorem and the Kullback{\textendash}Leibler divergence},
  
	journal = {Monthly Notices of the Royal Astronomical Society}
}

@article{Higson_2018,
	doi = {10.1093/mnras/sty3307},
  
	url = {https://doi.org/10.1093%2Fmnras%2Fsty3307},
  
	year = 2018,
	month = {dec},
  
	publisher = {Oxford University Press ({OUP})},
  
	author = {Edward Higson and Will Handley and Michael Hobson and Anthony Lasenby},
  
	title = {Bayesian sparse reconstruction: a brute-force approach to astronomical imaging and machine learning},
  
	journal = {Monthly Notices of the Royal Astronomical Society}
}

@article{Hall_2018,
	doi = {10.1093/mnras/sty1464},
  
	url = {https://doi.org/10.1093%2Fmnras%2Fsty1464},
  
	year = 2018,
	month = {jun},
  
	publisher = {Oxford University Press ({OUP})},
  
	volume = {479},
  
	number = {3},
  
	pages = {2968--2987},
  
	author = {Richard D Hall and Samantha J Thompson and Will Handley and Didier Queloz},
  
	title = {On the Feasibility of Intense Radial Velocity Surveys for Earth-Twin Discoveries},
  
	journal = {Monthly Notices of the Royal Astronomical Society}
}


@article{Ahrer_2021,
	doi = {10.1093/mnras/stab373},
  
	url = {https://doi.org/10.1093%2Fmnras%2Fstab373},
  
	year = 2021,
	month = {feb},
  
	publisher = {Oxford University Press ({OUP})},
  
	volume = {503},
  
	number = {1},
  
	pages = {1248--1263},
  
	author = {E Ahrer and D Queloz and V M Rajpaul and D S{\'{e}
}gransan and F Bouchy and R Hall and W Handley and C Lovis and M Mayor and A Mortier and F Pepe and S Thompson and S Udry and N Unger},
  
	title = {The {HARPS} search for southern extra-solar planets {\textendash} {XLV}. Two Neptune mass planets orbiting {HD}{\hspace{0.167em}}13808: a study of stellar activity modelling's impact on planet detection},
  
	journal = {Monthly Notices of the Royal Astronomical Society}
}

@article{Baldock_2016,
	doi = {10.1103/physrevb.93.174108},
  
	url = {https://doi.org/10.1103%2Fphysrevb.93.174108},
  
	year = 2016,
	month = {may},
  
	publisher = {American Physical Society ({APS})},
  
	volume = {93},
  
	number = {17},
  
	author = {Robert J. N. Baldock and L{\'{\i}
}via B. P{\'{a}}rtay and Albert P. Bart{\'{o}}k and Michael C. Payne and G{\'{a}}bor Cs{\'{a}}nyi},
  
	title = {Determining pressure-temperature phase diagrams of materials},
  
	journal = {Physical Review B}
}

 @article{wilson_gelb_nielsen_2015, title={Nested sampling of isobaric phase space for the direct evaluation of the isothermal-isobaric partition function of Atomic Systems}, volume={143}, DOI={10.1063/1.4933309}, number={15}, journal={The Journal of Chemical Physics}, author={Wilson, Blake A. and Gelb, Lev D. and Nielsen, Steven O.}, year={2015}, pages={154108}} 

 @article{Bart_k_2021,
	doi = {10.1103/physrevlett.127.015701},
  
	url = {https://doi.org/10.1103%2Fphysrevlett.127.015701},
  
	year = 2021,
	month = {jun},
  
	publisher = {American Physical Society ({APS})},
  
	volume = {127},
  
	number = {1},
  
	author = {Albert P. Bart{\'{o}
}k and György Hantal and Livia B. P{\'{a}}rtay},
  
	title = {Insight into Liquid Polymorphism from the Complex Phase Behavior of a Simple Model},
  
	journal = {Physical Review Letters}
}

@misc{https://doi.org/10.48550/arxiv.1010.4735,
  doi = {10.48550/ARXIV.1010.4735},
  
  url = {https://arxiv.org/abs/1010.4735},
  
  author = {Burkoff, Nikolas S. and Varnai, Csilla and Wells, Stephen A. and Wild, David L.},
  
  keywords = {Biomolecules (q-bio.BM), FOS: Biological sciences, FOS: Biological sciences},
  
  title = {Exploring the Energy Landscapes of Protein Folding Simulations with Bayesian Computation},
  
  publisher = {arXiv},
  
  year = {2010},
  
  copyright = {arXiv.org perpetual, non-exclusive license}
}


@article{Feroz_2011,
	doi = {10.1007/jhep06(2011)042},
  
	url = {https://doi.org/10.1007%2Fjhep06%282011%29042},
  
	year = 2011,
	month = {jun},
  
	publisher = {Springer Science and Business Media {LLC}
},
  
	volume = {2011},
  
	number = {6},
  
	author = {Farhan Feroz and Kyle Cranmer and Mike Hobson and Roberto Ruiz de Austri and Roberto Trotta},
  
	title = {Challenges of profile likelihood evaluation in multi-dimensional {SUSY} scans},
  
	journal = {Journal of High Energy Physics}
}

@article{Austri_2006,
	doi = {10.1088/1126-6708/2006/05/002},
  
	url = {https://doi.org/10.1088%2F1126-6708%2F2006%2F05%2F002},
  
	year = 2006,
	month = {may},
  
	publisher = {Springer Science and Business Media {LLC}
},
  
	volume = {2006},
  
	number = {05},
  
	pages = {002--002},
  
	author = {Roberto Ruiz de Austri and Roberto Trotta and Leszek Roszkowski},
  
	title = {A Markov chain Monte Carlo analysis of the {CMSSM}},
  
	journal = {Journal of High Energy Physics}
}

@article{Trotta_2008,
	doi = {10.1088/1126-6708/2008/12/024},
  
	url = {https://doi.org/10.1088%2F1126-6708%2F2008%2F12%2F024},
  
	year = 2008,
	month = {dec},
  
	publisher = {Springer Science and Business Media {LLC}
},
  
	volume = {2008},
  
	number = {12},
  
	pages = {024--024},
  
	author = {Roberto Trotta and Farhan Feroz and Mike Hobson and Leszek Roszkowski and Roberto Ruiz de Austri},
  
	title = {The impact of priors and observables on parameter inferences in the constrained {MSSM}},
  
	journal = {Journal of High Energy Physics}
}


@article{Trotta_2011,
	doi = {10.1088/0004-637x/729/2/106},
  
	url = {https://doi.org/10.1088%2F0004-637x%2F729%2F2%2F106},
  
	year = 2011,
	month = {feb},
  
	publisher = {American Astronomical Society},
  
	volume = {729},
  
	number = {2},
  
	pages = {106},
  
	author = {R. Trotta and G. J{\'{o}
}hannesson and I. V. Moskalenko and T. A. Porter and R. Ruiz de Austri and A. W. Strong},
  
	title = {{CONSTRAINTS} {ON} {COSMIC}-{RAY} {PROPAGATION} {MODELS} {FROM} A {GLOBAL} {BAYESIAN} {ANALYSIS}},
  
	journal = {The Astrophysical Journal}
}

@article{Fowlie_2022,
	doi = {10.1103/physrevlett.128.021801},
  
	url = {https://doi.org/10.1103%2Fphysrevlett.128.021801},
  
	year = 2022,
	month = {jan},
  
	publisher = {American Physical Society ({APS})},
  
	volume = {128},
  
	number = {2},
  
	author = {Andrew Fowlie and Sebastian Hoof and Will Handley},
  
	title = {Nested Sampling for Frequentist Computation: Fast Estimation of Small p-values},
  
	journal = {Physical Review Letters}
}

@article{2015,
	doi = {10.1088/0264-9381/32/7/074001},
  
	url = {https://doi.org/10.1088%2F0264-9381%2F32%2F7%2F074001},
  
	year = 2015,
	month = {mar},
  
	publisher = {{IOP} Publishing},
  
	volume = {32},
  
	number = {7},
  
	pages = {074001},
  
	author = {and J Aasi and B P Abbott and R Abbott et al.},
  
	title = {Advanced {LIGO}},
  
	journal = {Classical and Quantum Gravity}
}


@article{Conley_2010,
	doi = {10.1088/0067-0049/192/1/1},
  
	url = {https://doi.org/10.1088%2F0067-0049%2F192%2F1%2F1},
  
	year = 2010,
	month = {dec},
  
	publisher = {American Astronomical Society},
  
	volume = {192},
  
	number = {1},
  
	pages = {1},
  
	author = {A. Conley and J. Guy and M. Sullivan and N. Regnault and P. Astier and C. Balland and S. Basa and R. G. Carlberg and D. Fouchez and D. Hardin and I. M. Hook and D. A. Howell and R. Pain and N. Palanque-Delabrouille and K. M. Perrett and C. J. Pritchet and J. Rich and V. Ruhlmann-Kleider and D. Balam and S. Baumont and R. S. Ellis and S. Fabbro and H. K. Fakhouri and N. Fourmanoit and S. Gonz{\'{a}
}lez-Gait{\'{a}}n and M. L. Graham and M. J. Hudson and E. Hsiao and T. Kronborg and C. Lidman and A. M. Mourao and J. D. Neill and S. Perlmutter and P. Ripoche and N. Suzuki and E. S. Walker},
  
	title = {{SUPERNOVA} {CONSTRAINTS} {AND} {SYSTEMATIC} {UNCERTAINTIES} {FROM} {THE} {FIRST} {THREE} {YEARS} {OF} {THE} {SUPERNOVA} {LEGACY} {SURVEY}},
  
	journal = {The Astrophysical Journal Supplement Series}
}

@article{10.1111/j.1365-2966.2011.19584.x,
    author = {March, M. C. and Trotta, R. and Berkes, P. and Starkman, G. D. and Vaudrevange, P. M.},
    title = "{Improved constraints on cosmological parameters from Type Ia supernova data}",
    journal = {Monthly Notices of the Royal Astronomical Society},
    volume = {418},
    number = {4},
    pages = {2308-2329},
    year = {2011},
    month = {12},
    abstract = "{We present a new method based on a Bayesian hierarchical model to extract constraints on cosmological parameters from Type Ia supernova (SNIa) data obtained with the SALT-II light-curve fitter. We demonstrate with simulated data sets that our method delivers tighter statistical constraints on the cosmological parameters over 90 per cent of the time, that it reduces statistical bias typically by a factor of ∼2–3 and that it has better coverage properties than the usual χ2 approach. As a further benefit, a full posterior probability distribution for the dispersion of the intrinsic magnitude of SNe is obtained. We apply this method to recent SNIa data, and by combining them with cosmic microwave background and baryonic acoustic oscillations data, we obtain Ωm= 0.28 ± 0.02, ΩΛ= 0.73 ± 0.01 (assuming w=−1) and Ωm= 0.28 ± 0.01, w=−0.90 ± 0.05 (assuming flatness; statistical uncertainties only). We constrain the intrinsic dispersion of the B-band magnitude of the SNIa population, obtaining σintμ= 0.13 ± 0.01 mag. Applications to systematic uncertainties will be discussed in a forthcoming paper.}",
    issn = {0035-8711},
    doi = {10.1111/j.1365-2966.2011.19584.x},
    url = {https://doi.org/10.1111/j.1365-2966.2011.19584.x},
    eprint = {https://academic.oup.com/mnras/article-pdf/418/4/2308/18441837/mnras0418-2308.pdf},
}




@article{Acernese_2014,
	doi = {10.1088/0264-9381/32/2/024001},
  
	url = {https://doi.org/10.1088%2F0264-9381%2F32%2F2%2F024001},
  
	year = 2014,
	month = {dec},
  
	publisher = {{IOP} Publishing},
  
	volume = {32},
  
	number = {2},
  
	pages = {024001},
  
	author = {F Acernese and M Agathos and K Agatsuma et al.},
  
	title = {Advanced Virgo: a second-generation interferometric gravitational wave detector},
  
	journal = {Classical and Quantum Gravity}
}

@inproceedings{Ding2015DeepLF,
  title={Deep Learning for Event-Driven Stock Prediction},
  author={Xiao Ding and Yue Zhang and Ting Liu and Junwen Duan},
  booktitle={IJCAI},
  year={2015}
}

 @book{neal_1996, place={New York}, title={Bayesian learning for Neural Networks}, publisher={Springer}, author={Neal, Radford M.}, year={1996}}


@article{KristineBeck-2012,
author={Kristine Beck and Bruce Niendorf and Pamela Peterson},
title={The  use  of Bayesian methods  in  financial  research},
journal={Investment  Management  and  Financial Innovations},
year={2012},
volume={9}}

%@article{Salvatier2016,
 % doi = {10.7717/peerj-cs.55},
  %url = {https://doi.org/10.7717/peerj-cs.55},
  %year = {2016},
  %month = apr,
  %publisher = {{PeerJ}},
%  volume = {2},
%  pages = {e55},
 % author = {John Salvatier and Thomas V. Wiecki and Christopher Fonnesbeck},
%  title = {Probabilistic programming in Python using {PyMC}3},
 % journal = {{PeerJ} Computer Science}
%}

@article{Anstey_2021,
	doi = {10.1093/mnras/stab1765},
  
	url = {https://doi.org/10.1093%2Fmnras%2Fstab1765},
  
	year = 2021,
	month = {jun},
  
	publisher = {Oxford University Press ({OUP})},
  
	volume = {506},
  
	number = {2},
  
	pages = {2041--2058},
  
	author = {Dominic Anstey and Eloy de~Lera~Acedo and Will Handley},
  
	title = {A general Bayesian framework for foreground modelling and chromaticity correction for global 21 cm experiments},
  
	journal = {Monthly Notices of the Royal Astronomical Society}
}
 @Inbook{MacKay1996,
author="MacKay, David J. C.",
editor="Heidbreder, Glenn R.",
title="Hyperparameters: Optimize, or Integrate Out?",
bookTitle="Maximum Entropy and Bayesian Methods: Santa Barbara, California, U.S.A., 1993",
year="1996",
publisher="Springer Netherlands",
address="Dordrecht",
abstract="I examine two approximate methods for computational implementation of Bayesian hierarchical models, that is, models which include unknown hyperparameters such as regularization constants. In the `evidence framework' the model parameters are integrated over, and the resulting evidence is maximized over the hyperparameters. The optimized hyperparameters are used to define a Gaussian approximation to the posterior distribution. In the alternative `MAP' method, the true posterior probability is found by integrating over the hyperparameters. The true posterior is then maximized over the model parameters, and a Gaussian approximation is made. The similarities of the two approaches, and their relative merits, are discussed, and comparisons are made with the ideal hierarchical Bayesian solution.",
isbn="978-94-015-8729-7",
doi="10.1007/978-94-015-8729-7_2",
url="https://doi.org/10.1007/978-94-015-8729-7_2"
}


@book{Bernardo94, 
        author = "J. M. Bernardo and A. F. M. Smith", 
        title  = "Bayesian Theory", 
        publisher= "John Wiley \& Sons", 
        address= "New York", 
        year   = "1994 (ISBN: 0-471-92416-4)",
        note   = "\\Bernardo and Smith have written a very thorough summary of the theory behind Bayesian analysis.  The bibliography is unusually complete.  However, because of its detailed mathematical treatment of the subject, many may find this book to be not very readable." } 

@inproceedings{tran2019bayesian,
  author = {Dustin Tran and Michael W. Dusenberry and Danijar Hafner and Mark van der Wilk},
  title={Bayesian {L}ayers: A module for neural network uncertainty},
  booktitle = {Neural Information Processing Systems},
  year={2019}
}

@article{Salvatier2016,
  doi = {10.7717/peerj-cs.55},
  url = {https://doi.org/10.7717/peerj-cs.55},
  year = {2016},
  month = apr,
  publisher = {{PeerJ}},
  volume = {2},
  pages = {e55},
  author = {John Salvatier and Thomas V. Wiecki and Christopher Fonnesbeck},
  title = {Probabilistic programming in Python using {PyMC}3},
  journal = {{PeerJ} Computer Science}
}

@misc{https://doi.org/10.48550/arxiv.1801.07710,
  doi = {10.48550/ARXIV.1801.07710},
  
  url = {https://arxiv.org/abs/1801.07710},
  
  author = {Mullachery, Vikram and Khera, Aniruddh and Husain, Amir},
  
  keywords = {Machine Learning (cs.LG), Artificial Intelligence (cs.AI), Machine Learning (stat.ML), FOS: Computer and information sciences, FOS: Computer and information sciences},
  
  title = {Bayesian Neural Networks},
  
  publisher = {arXiv},
  
  year = {2018},
  
  copyright = {arXiv.org perpetual, non-exclusive license}
}
@article{Quiroz_2018,
	doi = {10.1080/01621459.2018.1448827},
  
	url = {https://doi.org/10.1080%2F01621459.2018.1448827},
  
	year = 2018,
	month = {jul},
  
	publisher = {Informa {UK} Limited},
  
	volume = {114},
  
	number = {526},
  
	pages = {831--843},
  
	author = {Matias Quiroz and Robert Kohn and Mattias Villani and Minh-Ngoc Tran},
  
	title = {Speeding Up {MCMC} by Efficient Data Subsampling},
  
	journal = {Journal of the American Statistical Association}
}


@misc{gaia_in_the_uk,
    title={Gaia data release 2 published},
    url={https://www.gaia.ac.uk/news/archive/gaia-data-release-2-published}}


@article{Higson_2018,
	doi = {10.1007/s11222-018-9844-0},
  
	url = {https://doi.org/10.1007%2Fs11222-018-9844-0},
  
	year = 2018,
	month = {dec},
  
	publisher = {Springer Science and Business Media {LLC}
},
  
	volume = {29},
  
	number = {5},
  
	pages = {891--913},
  
	author = {Edward Higson and Will Handley and Michael Hobson and Anthony Lasenby},
  
	title = {Dynamic nested sampling: an improved algorithm for parameter estimation and evidence calculation},
  
	journal = {Statistics and Computing}
}


@article{KAUFMANN1970,
  doi = {10.1038/227157a0},
  url = {https://doi.org/10.1038/227157a0},
  year = {1970},
  month = jul,
  publisher = {Springer Science and Business Media {LLC}},
  volume = {227},
  number = {5254},
  pages = {157--158},
  author = {WILLIAM J. KAUFMANN},
  title = {Redshift Fluctuations arising from Gravitational Waves},
  journal = {Nature}
}



@unpublished{paris2022,
year = {2022},
note= {informal communication, Maximum Entropy Paris}
}

@misc{https://doi.org/10.48550/arxiv.2208.00211,
  doi = {10.48550/ARXIV.2208.00211},
  
  url = {https://arxiv.org/abs/2208.00211},
  
  author = {{Gaia Collaboration} and Vallenari, A. et al.},
  
  keywords = {Astrophysics of Galaxies (astro-ph.GA), FOS: Physical sciences, FOS: Physical sciences},
  
  title = {Gaia Data Release 3: Summary of the content and survey properties},
  
  publisher = {arXiv},
  
  year = {2022},
  
  copyright = {Creative Commons Attribution 4.0 International}
}

@article{2016,
	doi = {10.1051/0004-6361/201629272},
  
	url = {https://doi.org/10.1051%2F0004-6361%2F201629272},
  
	year = 2016,
	month = {nov},
  
	publisher = {{EDP} Sciences},
  
	volume = {595},
  
	pages = {A1},
  
	author = {and T. Prusti and J. H. J. de Bruijne and A. G. A. Brown et al.},
  
	title = {The \textit{Gaia} mission},
  
	journal = {Astronomy \& Astrophysics}
}

